@inproceedings{gori2022metrics,
  title={Metrics for Cyber-Physical Security: a call to action},
  author={Gori, Giacomo and Melis, Andrea and Rinieri, Lorenzo and Prandini, Marco and Al Sadi, Amir and Callegati, Franco},
  booktitle={2022 International Symposium on Networks, Computers and Communications (ISNCC)},
  pages={1--4},
  year={2022},
  organization={IEEE}
}